<?xml version="1.0" encoding="UTF-8"?><collection xmlns="http://www.loc.gov/MARC21/slim"><record><leader>00450nam--2200145-i-4500</leader><controlfield tag="001">000011200</controlfield><controlfield tag="002">20161230</controlfield><controlfield tag="005">20161230201029</controlfield><controlfield tag="008">060222s1000------------r-----000-0-eng-d</controlfield><datafield ind1=" " ind2=" " tag="080"><subfield code="a">616-002.77(047)</subfield></datafield><datafield ind1=" " ind2=" " tag="100"><subfield code="a">Edgar Wawra, Wolfgang Klein /S.A.</subfield></datafield><datafield ind1=" " ind2=" " tag="245"><subfield code="a">Action of some drungs on enzymes involved in dna-repair and semiconservative dna-synthesis</subfield></datafield><datafield ind1=" " ind2=" " tag="260"><subfield code="a">Seibersdorf, Forschungszentrum Seibersdorf, 1975 8 P</subfield></datafield><datafield ind1=" " ind2=" " tag="490"><subfield code="a">2469</subfield></datafield><datafield ind1=" " ind2=" " tag="852"><subfield code="a">19633</subfield></datafield></record></collection>